% Textbook
@book{malik_2015,
  place={Stamford, CT},
  edition={7},
  title={C programming: program design including data structures},
  publisher={Cengage Learning},
  author={Malik, D. S.},
  year={2015}
}

% Indirect example
@misc{cpp-exp,
  title={C++ Recursion with Example},
  author={CHAITANYA SINGH},
  url={https://beginnersbook.com/2017/08/cpp-recursion/},
  urldate={2018-10-05},
  journal={Beginner`s Book},
  publisher={Beginner`s Book}
}
